@inproceedings{hwa2000sample,
  title={Sample selection for statistical grammar induction},
  author={Hwa, Rebecca},
  booktitle={Proceedings of the 2000 Joint SIGDAT conference on Empirical methods in natural language processing and very large corpora: held in conjunction with the 38th Annual Meeting of the Association for Computational Linguistics-Volume 13},
  pages={45--52},
  year={2000},
  organization={Association for Computational Linguistics}
}