@article{laa,
  title={Conditional random fields: Probabilistic models for segmenting and labeling sequence data},
  author={Lafferty, John and McCallum, Andrew and Pereira, Fernando CN},
  year={2001}
}

@article{grammar,
  title={Common Suffixes},
  Journal = {http://grammar.about.com/od/words/a/comsuffixes.htm},
}


@article{mallet,
  title={MALLET: A Machine Learning for Language Toolkit},
  author={McCallum, Andrew K},
  year={2002}
}

